<record><leader>00000cas a2200000 a 4500</leader><controlfield tag="001">16823529</controlfield><controlfield tag="008">871007d19021929miuwr ne      0    0eng c</controlfield><datafield ind1=" " ind2=" " tag="010"><subfield code="a">sn 87073058 </subfield></datafield><datafield ind1=" " ind2=" " tag="040"><subfield code="a">YOX</subfield><subfield code="b">eng</subfield><subfield code="c">YOX</subfield><subfield code="d">MHN</subfield><subfield code="d">OCL</subfield><subfield code="d">OCLCQ</subfield><subfield code="d">KRTAS</subfield><subfield code="d">OCLCQ</subfield><subfield code="d">OCLCO</subfield><subfield code="d">OCLCF</subfield><subfield code="d">OCLCO</subfield></datafield><datafield ind1="1" ind2=" " tag="029"><subfield code="a">AU@</subfield><subfield code="b">000025799704</subfield></datafield><datafield ind1=" " ind2=" " tag="042"><subfield code="a">pcc</subfield></datafield><datafield ind1=" " ind2=" " tag="043"><subfield code="a">n-us-mi</subfield></datafield><datafield ind1="0" ind2=" " tag="130"><subfield code="a">Acorn (Three Oaks, Mich. : 1902)</subfield></datafield><datafield ind1="1" ind2="4" tag="245"><subfield code="a">The acorn.</subfield></datafield><datafield ind1="3" ind2=" " tag="246"><subfield code="a">Three Oaks Mich. acorn</subfield></datafield><datafield ind1=" " ind2=" " tag="260"><subfield code="a">Three Oaks, Mich. :</subfield><subfield code="b">Three Oaks Pub. Co.</subfield></datafield><datafield ind1=" " ind2=" " tag="300"><subfield code="a">v. :</subfield><subfield code="b">ill. ;</subfield><subfield code="c">28 cm.</subfield></datafield><datafield ind1=" " ind2=" " tag="310"><subfield code="a">Weekly</subfield></datafield><datafield ind1="0" ind2=" " tag="362"><subfield code="a">Vol. 11, no. 11 (Feb. 8, 1902)-v. 33, no. 21 (May 15, 1924) ; 33rd yr., no. 22 (May 22, 1924)-38th yr., no. 30 (July 25, 1929).</subfield></datafield><datafield ind1=" " ind2=" " tag="500"><subfield code="a">The words "Three Oaks Mich." appear within a banner.</subfield></datafield><datafield ind1=" " ind2=" " tag="580"><subfield code="a">Issued as a supplement within: Oaks (Three Oaks, Mich.), Feb. 8, 1902-Oct. 25, 1902.</subfield></datafield><datafield ind1=" " ind2=" " tag="580"><subfield code="a">Merged with: New Buffalo times, to form: Galien River gazette.</subfield></datafield><datafield ind1=" " ind2="0" tag="651"><subfield code="a">Three Oaks (Mich.)</subfield><subfield code="v">Newspapers.</subfield></datafield><datafield ind1=" " ind2="0" tag="651"><subfield code="a">Berrien County (Mich.)</subfield><subfield code="v">Newspapers.</subfield></datafield><datafield ind1=" " ind2="7" tag="655"><subfield code="a">Newspapers.</subfield><subfield code="2">fast</subfield><subfield code="0">(OCoLC)fst01423814</subfield></datafield><datafield ind1=" " ind2="7" tag="651"><subfield code="a">Michigan</subfield><subfield code="z">Berrien County.</subfield><subfield code="2">fast</subfield><subfield code="0">(OCoLC)fst01203031</subfield></datafield><datafield ind1=" " ind2="7" tag="651"><subfield code="a">Michigan</subfield><subfield code="z">Three Oaks.</subfield><subfield code="2">fast</subfield><subfield code="0">(OCoLC)fst01927414</subfield></datafield><datafield ind1=" " ind2=" " tag="752"><subfield code="a">United States</subfield><subfield code="b">Michigan</subfield><subfield code="c">Berrien</subfield><subfield code="d">Three Oaks.</subfield></datafield><datafield ind1="1" ind2=" " tag="777"><subfield code="t">Oaks (Three Oaks, Mich.)</subfield><subfield code="w">(DLC)sn 97063144</subfield><subfield code="w">(OCoLC)36361702</subfield></datafield><datafield ind1="1" ind2="7" tag="785"><subfield code="t">New Buffalo times</subfield></datafield><datafield ind1="1" ind2="7" tag="785"><subfield code="t">Galien River gazette</subfield><subfield code="w">(DLC)sn 97063145</subfield><subfield code="w">(OCoLC)36360115</subfield></datafield><datafield ind1=" " ind2=" " tag="938"><subfield code="a">Kirtas Technologies, Inc.</subfield><subfield code="b">KRTS</subfield><subfield code="n">740151</subfield></datafield></record>